<?xml version="1.0" encoding="UTF-8"?><collection xmlns="http://www.loc.gov/MARC21/slim"><record><leader>00602nam--2200229-u-4500</leader><controlfield tag="001">000050330</controlfield><controlfield tag="002">20161230</controlfield><controlfield tag="003">81632</controlfield><controlfield tag="005">20161230201048</controlfield><controlfield tag="008">060602s1000------------r-----000-0-eng-d</controlfield><datafield ind1=" " ind2=" " tag="020"><subfield code="a">0521831431</subfield></datafield><datafield ind1=" " ind2=" " tag="040"><subfield code="a">IFIN-HH</subfield></datafield><datafield ind1=" " ind2=" " tag="041"><subfield code="a">eng</subfield></datafield><datafield ind1="0" ind2="0" tag="080"><subfield code="a">530.145</subfield></datafield><datafield ind1="1" ind2=" " tag="100"><subfield code="a">Zwiebach, Barton</subfield></datafield><datafield ind1="1" ind2="0" tag="245"><subfield code="a">A First Course in String Theory</subfield><subfield code="c">Barton Zwiebach</subfield></datafield><datafield ind1=" " ind2=" " tag="260"><subfield code="a">Cambridge</subfield><subfield code="b">Cambridge University Press</subfield><subfield code="c">2004</subfield></datafield><datafield ind1=" " ind2=" " tag="300"><subfield code="a">xx, 558 p</subfield></datafield><datafield ind1=" " ind2=" " tag="504"><subfield code="a">Contine Referinte bibliografice si Index</subfield></datafield><datafield ind1=" " ind2="4" tag="650"><subfield code="a">String models</subfield></datafield><datafield ind1=" " ind2=" " tag="852"><subfield code="a">81632</subfield><subfield code="c">530.145</subfield></datafield><datafield ind1=" " ind2=" " tag="CAT"><subfield code="a">Sys</subfield><subfield code="c">20110404</subfield><subfield code="h">125208</subfield></datafield></record></collection>